<?xml version="1.0" encoding="UTF-8"?><collection xmlns="http://www.loc.gov/MARC21/slim"><record><leader>00633nam--2200181-i-4500</leader><controlfield tag="001">000011985</controlfield><controlfield tag="002">20161230</controlfield><controlfield tag="005">20161230201029</controlfield><controlfield tag="008">060222s1000------------r-----000-0-fre-d</controlfield><datafield ind1=" " ind2=" " tag="040"><subfield code="a">IFIN-HH</subfield></datafield><datafield ind1=" " ind2=" " tag="041"><subfield code="a">fre</subfield></datafield><datafield ind1=" " ind2=" " tag="080"><subfield code="a">53</subfield></datafield><datafield ind1="1" ind2=" " tag="100"><subfield code="a">Chwolson, O.D</subfield></datafield><datafield ind1="1" ind2="0" tag="245"><subfield code="a">Traite de physique.ouvrage traduit sur l editi on russe.edition revue et considerablement augumentee par l auteur. tome supplementaire la physique de 1914 a 1926. premiere partie. traduite du ruse par a.corvisy</subfield><subfield code="c">O.d. chwolson</subfield></datafield><datafield ind1=" " ind2=" " tag="260"><subfield code="a">Paris</subfield><subfield code="b">Librairie Scientifique J.Hermann</subfield><subfield code="c">1927</subfield></datafield><datafield ind1=" " ind2=" " tag="300"><subfield code="a">336 P</subfield></datafield><datafield ind1=" " ind2=" " tag="852"><subfield code="a">44403</subfield><subfield code="c">H.H</subfield></datafield><datafield ind1=" " ind2=" " tag="CAT"><subfield code="a">Sys</subfield><subfield code="c">20130402</subfield><subfield code="h">162659</subfield></datafield></record></collection>